@article{P2023LineEXDE,
  title   = {LineEX: Data Extraction from Scientific Line Charts},
  author  = {Shivasankaran V P and Muhammad Yusuf Hassan and Mayank Singh},
  journal = {2023 IEEE/CVF Winter Conference on Applications of Computer Vision (WACV)},
  year    = {2023},
  pages   = {6202-6210},
  url     = {https://api.semanticscholar.org/CorpusID:256648467}
}

@misc{lee2023matgdmaterialsgraphdigitizer,
  title         = {MatGD: Materials Graph Digitizer},
  author        = {Jaewoong Lee and Wonseok Lee and Jihan Kim},
  year          = {2023},
  eprint        = {2311.12806},
  archiveprefix = {arXiv},
  primaryclass  = {cs.CV},
  url           = {https://arxiv.org/abs/2311.12806}
}

@inproceedings{inproceedings,
  author = {Jung, Daekyoung and Kim, Wonjae and Song, Hyunjoo and Hwang, Jeong-in and Lee, Bongshin and Kim, Bohyoung and Seo, Jinwook},
  year   = {2017},
  month  = {05},
  pages  = {6706-6717},
  title  = {ChartSense: Interactive Data Extraction from Chart Images},
  doi    = {10.1145/3025453.3025957}
}

@inproceedings{9423395,
  author    = {Luo, Junyu and Li, Zekun and Wang, Jinpeng and Lin, Chin-Yew},
  booktitle = {2021 IEEE Winter Conference on Applications of Computer Vision (WACV)},
  title     = {ChartOCR: Data Extraction from Charts Images via a Deep Hybrid Framework},
  year      = {2021},
  volume    = {},
  number    = {},
  pages     = {1916-1924},
  keywords  = {Training;Deep learning;Computer vision;Conferences;Computational modeling;Neural networks;Data visualization},
  doi       = {10.1109/WACV48630.2021.00196}
}
@inproceedings{parsingimages,
  author  = {Kozinski, Mateusz and Marlet, Renaud},
  year    = {2014},
  month   = {03},
  pages   = {729-736},
  title   = {Image parsing with graph grammars and Markov Random Fields applied to facade analysis},
  isbn    = {978-1-4799-4985-4},
  journal = {2014 IEEE Winter Conference on Applications of Computer Vision, WACV 2014},
  doi     = {10.1109/WACV.2014.6836030}
}

@article{li2020docbank,
  title   = {DocBank: A benchmark dataset for document layout analysis},
  author  = {Li, Minghao and Xu, Yiheng and Cui, Lei and Huang, Shaohan and Wei, Furu and Li, Zhoujun and Zhou, Ming},
  journal = {arXiv preprint arXiv:2006.01038},
  year    = {2020}
}@software{CVAT_ai_Corporation_Computer_Vision_Annotation_2023,
  author  = {{CVAT.ai Corporation}},
  license = {MIT},
  month   = nov,
  title   = {{Computer Vision Annotation Tool (CVAT)}},
  url     = {https://github.com/cvat-ai/cvat},
  version = {2.8.2},
  year    = {2023}
}