@article{P2023LineEXDE,
  title   = {LineEX: Data Extraction from Scientific Line Charts},
  author  = {Shivasankaran V P and Muhammad Yusuf Hassan and Mayank Singh},
  journal = {2023 IEEE/CVF Winter Conference on Applications of Computer Vision (WACV)},
  year    = {2023},
  pages   = {6202-6210},
  url     = {https://api.semanticscholar.org/CorpusID:256648467}
}

@misc{lee2023matgdmaterialsgraphdigitizer,
  title         = {MatGD: Materials Graph Digitizer},
  author        = {Jaewoong Lee and Wonseok Lee and Jihan Kim},
  year          = {2023},
  eprint        = {2311.12806},
  archiveprefix = {arXiv},
  primaryclass  = {cs.CV},
  url           = {https://arxiv.org/abs/2311.12806}
}

@inproceedings{inproceedings,
  author = {Jung, Daekyoung and Kim, Wonjae and Song, Hyunjoo and Hwang, Jeong-in and Lee, Bongshin and Kim, Bohyoung and Seo, Jinwook},
  year   = {2017},
  month  = {05},
  pages  = {6706-6717},
  title  = {ChartSense: Interactive Data Extraction from Chart Images},
  doi    = {10.1145/3025453.3025957}
}